
@inreference{noauthor_recit_2020,
	title = {Récit utilisateur},
	rights = {Creative Commons Attribution-{ShareAlike} License},
	url = {https://fr.wikipedia.org/w/index.php?title=R\%C3\%A9cit_utilisateur&oldid=172279518},
	booktitle = {Wikipédia},
	urldate = {2020-08-24},
	date = {2020-06-18},
	keywords = {CDC},
	langid = {french},
	note = {Page Version {ID}: 172279518}
}

@online{rageot_projets_nodate,
	title = {Projets d’édition numériques de correspondances : approches et spécificités – journée d’études du groupe Correspondance},
	url = {https://cahier.hypotheses.org/2172},
	shorttitle = {Projets d’édition numériques de correspondances},
	titleaddon = {Consortium Cahier},
	type = {Billet},
	author = {Rageot, Laurence},
	keywords = {numerique},
	urldate = {2020-09-02}
}

@inreference{noauthor_reconnaissance_2020,
	title = {Reconnaissance de l'écriture manuscrite},
	rights = {Creative Commons Attribution-{ShareAlike} License},
	url = {https://fr.wikipedia.org/w/index.php?title=Reconnaissance_de_l\%27\%C3\%A9criture_manuscrite&oldid=171738712},
	booktitle = {Wikipédia},
	urldate = {2020-09-02},
	keywords = {ML},
	date = {2020-06-06},
	langid = {french},
	note = {Page Version {ID}: 171738712}
}

@inreference{noauthor_rich_2020,
	title = {Rich Text Format},
	rights = {Creative Commons Attribution-{ShareAlike} License},
	url = {https://fr.wikipedia.org/w/index.php?title=Rich_Text_Format&oldid=174007898},
	keywords = {numiq},
	booktitle = {Wikipédia},
	urldate = {2020-09-02},
	date = {2020-08-21},
	langid = {french},
	note = {Page Version {ID}: 174007898}
}

@online{chapron_journee_nodate,
	title = {Journée d’études sur l’édition numérique de correspondances du consortium {CAHIER} : quelques réflexions},
	url = {https://seguier.hypotheses.org/211},
	shorttitle = {Journée d’études sur l’édition numérique de correspondances du consortium {CAHIER}},
	titleaddon = {Archives savantes des Lumières},
	keywords = {numerique},
	type = {Billet},
	author = {Chapron, Emmanuelle},
	urldate = {2020-09-02}
}


@inreference{noauthor_ledition_2020,
	title = {L'édition numérique},
	keywords = {numerique},
	rights = {Creative Commons Attribution-{ShareAlike} License},
	url = {https://fr.wikipedia.org/w/index.php?title=\%C3\%89dition_num\%C3\%A9rique&oldid=173657501},
	booktitle = {Wikipédia},
	urldate = {2020-09-03},
	date = {2020-08-08},
	langid = {french},
	note = {Page Version {ID}: 173657501}
}

@inreference{noauthor_humanites_2020,
	title = {Humanités numériques},
	rights = {Creative Commons Attribution-{ShareAlike} License},
	url = {https://fr.wikipedia.org/w/index.php?title=Humanit\%C3\%A9s_num\%C3\%A9riques&oldid=173210622},
	booktitle = {Wikipédia},
	urldate = {2020-09-03},
	keywords = {numiq},
	date = {2020-07-24},
	langid = {french},
	note = {Page Version {ID}: 173210622}
}

@incollection{sinatra_histoire_2014,
	location = {Montréal},
	title = {Histoire des humanités numériques},
	url = {http://books.openedition.org/pum/317},
	pages = {49-60},
	keywords = {numiq},
	booktitle = {Pratiques de l’édition numérique},
	publisher = {Presses de l’Université de Montréal},
	author = {Sinatra, Michaël E. and Vitali-Rosati, Marcello},
	urldate = {2020-09-03},
	date = {2014},
}

@collection{vitali-rosati_pratiques_2014,
	location = {Montréal},
	title = {Pratiques de l’édition numérique},
	url = {http://books.openedition.org/pum/306},
	series = {Parcours numérique},
	keywords = {numerique},
	pagetotal = {224},
	publisher = {Presses de l’Université de Montréal},
	editor = {Vitali-Rosati, Marcello},
	urldate = {2020-09-03},
	date = {2014},
	langid = {french},
}

@incollection{bouletreau_les_2014,
	location = {Montréal},
	title = {Les formats},
	keywords = {numiq},
	isbn = {978-2-8218-5072-9},
	url = {http://books.openedition.org/pum/329},
	pages = {145-159},
	booktitle = {Pratiques de l’édition numérique},
	publisher = {Presses de l’Université de Montréal},
	author = {Boulétreau, Viviane and Habert, Benoît},
	urldate = {2020-09-03},
	date = {2014},
}

@incollection{sinatra_introduction_2014,
	location = {Montréal},
	title = {Introduction},
	isbn = {978-2-8218-5072-9},
	url = {http://books.openedition.org/pum/308},
	pages = {7-11},
	keywords = {numerique},
	booktitle = {Pratiques de l’édition numérique},
	publisher = {Presses de l’Université de Montréal},
	author = {Sinatra, Michaël E. and Vitali-Rosati, Marcello},
	editor = {Sinatra, Michael E.},
	urldate = {2020-09-03},
	date = {2014},
}

@article{walter_ledition_nodate,
	title = {L’édition numérique de correspondances – guide méthodologique},
	url = {https://cahier.hypotheses.org/guide-correspondance},
	journaltitle = {Consortium Cahier},
	author = {Walter, Richard (dir.)},
	urldate = {2020-06-26},
	langid = {french},
	keywords = {numerique}
}

@online{noauthor_presentation_nodate,
	title = {Présentation  d'{OBVIL}},
	keywords = {OC},
	url = {http://obvil.sorbonne-universite.site/obvil/presentation},
	titleaddon = {Observatoire de la vie littéraire},
	urldate = {2020-09-04}
}

@incollection{savoye_frederic_2013,
	location = {Paris},
	title = {Frédéric Le Play en quelques dates},
	isbn = {978-2-35671-194-6},
	url = {http://books.openedition.org/pressesmines/459},
	pages = {279--289},
	booktitle = {Frédéric Le Play : Parcours, audience, héritage},
	publisher = {Presses des Mines},
	keywords = {LP},
	author = {Savoye, Antoine},
	editor = {Cardoni, Fabien},
	urldate = {2020-06-15},
	date = {2013},
	keywords = {École des mines, École polytechnique, histoire des sciences sociales, statistique}
}

@inreference{savoye_play_nodate,
	title = {{LE} {PLAY} {FRÉDÉRIC} (1806-1882)},
	url = {http://www.universalis-edu.com.janus.bis-sorbonne.fr/encyclopedie/frederic-le-play/},
	publisher = {Encyclopædia Universalis},
	keywords = {LP},
	author = {{SAVOYE}, Antoine},
	urldate = {2020-06-15},
	langid = {french}
}

@online{noauthor_crhxix_nodate,
	title = {{CRHXIX}: Axe 2 : Du moral au social : pratiques et théories de l'enquête. Autour des archives du mouvement leplaysien.},
	url = {https://www.pantheonsorbonne.fr/unites-de-recherche/crhxix/about-us/research-activities/area2/},
	titleaddon = {Site web de l’Université Paris-1 Panthéon Sorbonne},
	urldate = {2020-06-15},
	keywords = {LP}
}

@online{noauthor_appel_nodate,
	title = {Appel à projets Emergence},
	url = {https://candidature.sorbonne-universites.fr/index.php?option=com_emundus&view=programme&id=111&Itemid=1521&lang=fr},
	titleaddon = {Sorbonne Université},
	keywords = {OC},
	urldate = {2020-09-07}
}

@article{mounier_les_2017-1,
	title = {Les Humanités numériques, gadget ou progrès ?},
	issn = {2428-4068},
	url = {https://www.cairn.info/revue-du-crieur-2017-2-page-144.htm},
	pages = {144-159},
	number = {7},
	keywords = {numiq},
	journaltitle = {Revue du Crieur},
	author = {Mounier, Pierre},
	urldate = {2020-09-02},
	date = {2017},
	langid = {french}
}

@online{noauthor_crhxix_nodate-1,
	title = {{CRHXIX} : La bibliothèque},
	url = {https://www.pantheonsorbonne.fr/unites-de-recherche/crhxix/about-us/thelibrary/},
	keywords = {OC},
	titleaddon = {Site web de l’Université Paris-1 Panthéon Sorbonne},
	urldate = {2020-06-18}
}

@online{noauthor_crhxix_nodate-2,
	title = {{CRHXIX} : Présentation du Centre},
	keywords = {OC},
	url = {https://www.pantheonsorbonne.fr/unites-de-recherche/crhxix/aboutthecenter/},
	titleaddon = {Site web de l’Université Paris-1 Panthéon Sorbonne},
	urldate = {2020-06-18}
}

@online{noauthor_crhxix_nodate-3,
	title = {{CRHXIX} : l'équipe},
	keywords = {OC},
	url = {https://www.pantheonsorbonne.fr/unites-de-recherche/crhxix/about-us/faculty/},
	titleaddon = {Site web de l’Université Paris-1 Panthéon Sorbonne},
	urldate = {2020-06-18}
}

@online{noauthor_crhxix_nodate-4,
	title = {{CRHXIX} : Les activités de recherches du Centre},
	url = {https://www.pantheonsorbonne.fr/unites-de-recherche/crhxix/about-us/research-activities/},
	keywords = {OC},
	titleaddon = {Site web de l’Université Paris-1 Panthéon Sorbonne},
	urldate = {2020-06-18}
}

@online{noauthor_observatoire_nodate-1,
	title = {Observatoire de la vie littéraire},
	keywords = {OC},
	url = {https://anr.fr/ProjetIA-11-LABX-0059},
	titleaddon = {Agence nationale de la recherche},
	urldate = {2020-09-04}
}

@online{noauthor_mise_nodate-1,
	title = {Mise à disposition de la Très Grande Bibliothèque du Labex {OBVIL} {\textbar} api.bnf.fr},
	url = {http://api.bnf.fr/mise-disposition-de-la-tres-grande-bibliotheque-du-labex-obvil},
	keywords = {TEI},
	titleaddon = {Site web de la {BNF}},
	urldate = {2020-09-04}
}


@thesis{ehrmann_les_2008,
	title = {Les Entitées Nommées, de la linguistique au {TAL} : Statut théorique et méthodes de désambiguïsation},
	keywords = {TEI},
	url = {https://hal.archives-ouvertes.fr/tel-01639190},
	shorttitle = {Les Entitées Nommées, de la linguistique au {TAL}},
	institution = {Paris Diderot University},
	type = {Theses},
	author = {Ehrmann, Maud},
	urldate = {2020-09-07},
	date = {2008}
}

@online{todd_origine_nodate,
	title = {L'origine des systèmes familiaux . Les familles dans l'Histoire},
	url = {https://www.herodote.net/Les_familles_dans_l_Histoire-article-1287.php},
	keywords = {LP},
	titleaddon = {Herodote.net},
	author = {Todd, Emmanuel},
	urldate = {2020-09-08}
}

@mvbook{proudhon_correspondance_1971,
	location = {Genève},
	edition = {Slatkine},
	title = {Correspondance},
	keywords = {numerique},
	url = {http://gallica.bnf.fr/ark:/12148/bpt6k55985},
	volumes = {7},
	author = {Proudhon, Pierre-Joseph},
	urldate = {2020-09-08},
	date = {1971}
}

@mvbook{pasteur_correspondance_1940,
	location = {Paris},
	edition = {Flammarion},
	title = {Correspondance de Pasteur},
	keywords = {numerique},
	url = {https://catalogue.bnf.fr/ark:/12148/cb32510650x},
	volumes = {4},
	author = {Pasteur, Louis},
	urldate = {2020-09-08},
	date = {1940},
	keywords = {Pasteur ,  Louis  ( 1822-1895 )}
}

@mvbook{sand_correspondance_1883,
	location = {Paris},
	edition = {C. Lévy},
	keywords = {numerique},
	title = {Correspondance :  1812-1876},
	url = {http://gallica.bnf.fr/ark:/12148/bpt6k2065433},
	shorttitle = {Correspondance},
	volumes = {6},
	author = {Sand, George},
	urldate = {2020-05-19},
	date = {1883}
}

@mvbook{lamartine_correspondance_1873,
	location = {Paris},
	edition = {Hachette, Furne, Jouvet et Cie},
	keywords = {numerique},
	title = {Correspondance de Lamartine},
	url = {http://gallica.bnf.fr/ark:/12148/bpt6k5805303r},
	volumes = {6},
	author = {Lamartine, Alphonse de},
	urldate = {2020-05-19},
	date = {1873}
}

@mvbook{la_mennais_correspondance_1863,
	location = {Paris},
	edition = {Didier},
	keywords = {numerique},
	title = {Correspondance},
	url = {http://gallica.bnf.fr/ark:/12148/bpt6k9761794z},
	volumes = {2},
	author = {La Mennais, Félicité de},
	urldate = {2020-09-08},
	date = {1863}
}

@online{noauthor_tei_nodate,
	title = {{TEI} : Correspondence {SIG}},
	url = {https://tei-c.org/Activities/SIG/Correspondence/},
	titleaddon = {Text Encoding Initiative},
	keywords = {TEI},
	urldate = {2020-09-09}
}

@online{noauthor_sig_nodate,
	title = {{SIG} : Correspondence},
	keywords = {TEI},
	url = {https://wiki.tei-c.org/index.php/SIG:Correspondence},
	titleaddon = {{TEI Wiki}},
	urldate = {2020-09-09}
}

@online{noauthor_tei_nodate-1,
	title = {{TEI} {SIG} on Correspondence – Minutes Rome, Oct 3, 2013},
	url = {https://tei-c.org/activities/sig/correspondence/tei-sig-on-correspondence-minutes-rome-oct-3-2013/},
	titleaddon = {Text Encoding Initiative},
	keywords = {TEI},
	urldate = {2020-09-09}
}

@online{noauthor_encoding_nodate,
	title = {Encoding Correspondence. A Manual for encoding letters and postcards in {TEI}-{XML} and {DTABf}},
	url = {https://encoding-correspondence.bbaw.de/v1/},
	titleaddon = {Encoding Correspondence},
	keywords = {TEI},
	urldate = {2020-05-05}
}

@inreference{noauthor_format_nodate,
	title = {Format de données},
	keywords = {numiq},
	url = {https://fr.wikipedia.org/w/index.php?title=Format_de_donn\%C3\%A9es&oldid=173750621},
	booktitle = {Wikipédia},
	urldate = {2020-09-10},
	note = {Page Version {ID}: 173750621}
}

@online{noauthor_geonames_nodate,
	title = {{GeoNames}},
	keywords = {numiq},
	url = {https://www.geonames.org/},
	titleaddon = {geonames.org},
	urldate = {2020-09-10}
}

@online{noauthor_geonames_nodate,
	title = {{GeoNames}},
	keywords = {SL},
	url = {https://www.geonames.org/},
	titleaddon = {geonames.org},
	urldate = {2020-09-10}
}

@online{noauthor_accueil_nodate,
	title = {Accueil},
	keywords = {numiq},
	url = {https://data.bnf.fr/},
	titleaddon = {data.bnf},
	urldate = {2020-09-10}
}

@online{versionnage,
	title = {versionnage},
	keywords = {numiq},
	url = {https://fr.wiktionary.org/wiki/versionnage},
	titleaddon = {Wiktionnaire},
	urldate = {2020-09-30}
}

@online{noauthor_accueil_nodate,
	title = {Accueil},
	keywords = {SL},
	url = {https://data.bnf.fr/},
	titleaddon = {data.bnf},
	urldate = {2020-09-10}
}

@online{noauthor_perspectives_nodate,
	title = {Perspectives of the further development of the Correspondence Metadata Interchange Format ({CMIF})},
	url = {https://digiversity.net/2015/perspectives-of-the-further-development-of-the-correspondence-metadata-interchange-format-cmif/},
	titleaddon = {digiversity},
	urldate = {2020-09-09},
	keywords = {TEI}
}

@online{noauthor_about_nodate,
	title = {About our web service. The idea behind {correspSearch}},
	url = {https://correspsearch.net/index.xql?id=about&l=en},
	titleaddon = {{correspSearch}},
	keywords = {TEI},
	urldate = {2020-09-09}
}

@online{noauthor_les_nodate,
	title = {Les publications numériques de corpus d’auteurs – Guide de travail, grille d’analyse et recommandations},
	keywords = {TEI},
	url = {https://cahier.hypotheses.org/guides-juridiques/les-publications-numeriques-de-corpus-dauteurs},
	titleaddon = {Consortium Cahier},
	urldate = {2020-09-09}
}

@online{noauthor_association_nodate,
	title = {Association Interdisciplinaire de Recherches sur l'Epistolaire},
	keywords = {numerique},
	url = {http://www.epistolaire.org/},
	titleaddon = {Epistolaire.org},
	urldate = {2020-09-10}
}

@online{noauthor_normes_nodate,
	title = {Normes et standards},
	keywords = {numiq},
	url = {https://eduscol.education.fr/numerique/dossier/archives/metadata/normes-et-standards},
	titleaddon = {éduscol},
	urldate = {2020-09-10}
}

@online{pinche_courstnah_xml-tei_nodate,
	title = {{CoursTNAH}\_XML-{TEI} Scéance 1},
	keywords = {TEI},
	url = {https://github.com/ArianePinche/coursTNAH_XML-TEI},
	titleaddon = {{GitHub}},
	author = {Pinche, Ariane},
	urldate = {2019-10-09}
}

@online{noauthor_tei_nodate-2,
	title = {{TEI} Guidelines},
	url = {https://tei-c.org/guidelines/},
	keywords = {TEI},
	titleaddon = {Text Encoding Initiative},
	urldate = {2020-09-10}
}

@online{pinche_courstnah_xml-tei_nodate-1,
	title = {{CoursTNAH}\_XML-{TEI}, scéance 3},
	keywords = {TEI},
	url = {https://github.com/ArianePinche/coursTNAH_XML-TEI},
	titleaddon = {{GitHub}},
	author = {Pinche, Ariane},
	urldate = {2020-09-11}
}

@online{dufournaud_manuel_nodate,
	title = {Manuel d'encodage {TEI} Renaissance et temps modernes},
	url = {http://www.bvh.univ-tours.fr/XML-TEI/ManuelWeb/Manuel_TEI_BVH.html},
	titleaddon = {{BVH}},
	keywords = {TEI},
	author = {Dufournaud, Nicole (dir.)},
	urldate = {2020-09-11}
}

@inreference{noauthor_framework_nodate,
	title = {Framework},
	url = {https://fr.wikipedia.org/w/index.php?title=Framework&oldid=173493836},
	booktitle = {Wikipédia},
	urldate = {2020-09-10},
	keywords = {numiq},
	note = {Page Version {ID}: 173493836}
}

@online{noauthor_online_nodate,
	title = {Online regex tester and debugger: {PHP}, {PCRE}, Python, Golang and {JavaScript}},
	keywords = {numiq},
	url = {https://regex101.com/},
	titleaddon = {regularexpressions101},
	urldate = {2020-02-10}
}

@online{noauthor_online_nodate,
	title = {Online regex tester and debugger: {PHP}, {PCRE}, Python, Golang and {JavaScript}},
	keywords = {numiq},
	url = {https://regex101.com/},
	titleaddon = {SL},
	urldate = {2020-02-10}
}

@online{noauthor_edition_nodate,
	title = {Édition numérique de la correspondance de D'Alembert},
	url = {http://dalembert.academie-sciences.fr/Correspondance/},
	titleaddon = {D'Alembert en toutes lettres},
	keywords = {numerique},
	urldate = {2020-09-10}
}

@online{noauthor_accueil_nodate-1,
	title = {Accueil},
	keywords = {numerique},
	url = {http://eman-archives.org/EMAN/},
	titleaddon = {{EMAN}},
	urldate = {2020-09-11}
}

@online{noauthor_correz_nodate,
	title = {{CORREZ}, Édition des lettres internationales adressées à Émile Zola},
	url = {http://eman-archives.org/CorrespondanceZola/},
	titleaddon = {{EMAN}},
	urldate = {2020-09-11},
	keywords = {numerique}
}

@online{noauthor_accueil_nodate-2,
	title = {Accueil},
	url = {http://www.juliettedrouet.org/lettres/#.X3MsdYY69uQ},
	titleaddon = {Juliette Drouet, Lettres à Victor Hugo},
	urldate = {2020-07-02},
	keywords = {numerique}
}

@online{noauthor_correspondance_nodate,
	title = {La correspondance inédite du géomètre Gaspard Monge (1746-1818)},
	keywords = {numerique},
	url = {http://eman-archives.org/monge/},
	titleaddon = {{EMAN}},
	urldate = {2020-09-10}
}

@online{noauthor_correspondance_nodate-1,
	title = {Correspondance Jean Paulhan},
	keywords = {numerique},
	url = {http://obvil.sorbonne-universite.site/corpus/paulhan/},
	titleaddon = {Observatoire de la vie littéraire},
	urldate = {2020-09-10}
}

@online{noauthor_edition_nodate-1,
	title = {Edition de la correspondance et des archives de Marc Michel Rey},
	url = {http://rey.huma-num.fr/presentation},
	keywords = {numerique},
	titleaddon = {Marc Michel Rey},
	urldate = {2020-09-10}
}

@online{noauthor_correspondance_nodate-2,
	title = {Correspondance de Flaubert},
	url = {https://flaubert.univ-rouen.fr/correspondance/edition/},
	titleaddon = {Université de Rouen},
	urldate = {2020-06-17},
	keywords = {numerique}
}

@online{noauthor_projet_nodate,
	title = {Le Projet},
	url = {http://proust.elan-numerique.fr/presentation/project},
	titleaddon = {Corr-Proust},
	keywords = {numerique},
	urldate = {2020-06-08}
}

@online{noauthor_accueil_nodate-3,
	title = {Accueil},
	url = {https://www.berliner-intellektuelle.eu/?fr},
	titleaddon = {Lettres et textes: Le Berlin intellectuel des années 1800},
	keywords = {numerique},
	urldate = {2020-05-19}
}

@report{galleron_les_2018,
	title = {Les publications numériques de corpus d'auteurs - Guide de travail, grille d'analyse et recommandations},
	url = {https://halshs.archives-ouvertes.fr/halshs-01932519},
	institution = {Huma-Num},
	date = {2018},
	author = {Galleron, Ioana and Demonet, Marie-Luce and Meynard, Cécile and Fatiha, Idmhand and Pierazzo, Elena and Williams, Geoffrey and Roger, Julia and Buard, Pierre-Yves},
	urldate = {2020-05-05},
	keywords = {TEI},
	date = {2018}
}

@collection{gavoille_conflits_2018,
	location = {Tours},
	edition = {Presses universitaires François-Rabelais},
	title = {Conflits et polémiques dans l’épistolaire},
	url = {http://books.openedition.org/pufr/10853},
	pagetotal = {542},
	keywords = {numerique},
	editor = {Gavoille, Élisabeth and Guillaumont, François},
	urldate = {2020-07-02},
	date = {2018},
	keywords = {conflits, controverses, correspondance, littérature épistolaire, Polémique}
}


@online{noauthor_accueil_nodate-4,
	title = {Accueil},
	url = {https://humanum.hypotheses.org/6089},
	titleaddon = {Le blog d'Huma-Num et de ses consortiums},
	type = {Billet},
	keywords = {numerique},
	urldate = {2020-06-19}
}

@online{noauthor_consortium_nodate,
	title = {Le consortium},
	url = {https://cahier.hypotheses.org/le-consortium},
	titleaddon = {Consortium Cahier},
	keywords = {numerique},
	urldate = {2020-06-19}
}

@online{noauthor_seo_nodate,
	title = {{SEO} et Webdesign : 9 quick wins à intégrer},
	url = {https://www.emarketing-aux-petits-oignons.com/seo-et-webdesign},
	keywords = {CDC},
	titleaddon = {Emarketing aux Petits Oignons},
	urldate = {2020-09-18}
}

@online{noauthor_comment_nodate,
	title = {Comment optimiser l'architecture d'un site web pour le {SEO} ?},
	url = {https://www.lafabriquedunet.fr/seo/articles/optimiser-architecture-site-web-seo/},
	titleaddon = {La fabrique du net},
	urldate = {2020-06-25},
	keywords = {CDC}
}

@online{noauthor_cc_nodate,
	title = {{CC} {BY}-{NC}-{ND} 3.0 {FR}},
	url = {https://creativecommons.org/licenses/by-nc-nd/3.0/fr/},
	titleaddon = {Creative Commons},
	keywords = {CDC},
	urldate = {2020-09-18}
}

@online{noauthor_exemple_nodate,
	title = {Exemple de cahier des charges},
	url = {https://cahiersdescharges.com/exemple-cahier-des-charges-pdf/},
	titleaddon = {Cahiers des charges},
	keywords = {CDC},
	urldate = {2020-06-12}
}

@online{noauthor_introduction_nodate,
	title = {An introduction to Machine Learning},
	url = {https://www.geeksforgeeks.org/introduction-machine-learning/},
	titleaddon = {{GeeksforGeeks}},
	keywords = {ML},
	urldate = {2020-09-20}
}

@inreference{noauthor_intelligence_2020,
	title = {Intelligence artificielle},
	url = {https://fr.wikipedia.org/w/index.php?title=Intelligence_artificielle&oldid=174966188},
	booktitle = {Wikipédia},
	keywords = {ML},
	urldate = {2020-09-20},
	date = {2020-09-23},
	note = {Page Version {ID}: 174966188}
}

@online{noauthor_artificial_nodate,
	title = {Artificial intelligence vs Machine Learning vs Deep Learning},
	keywords = {ML},
	url = {https://www.geeksforgeeks.org/artificial-intelligence-vs-machine-learning-vs-deep-learning/},
	titleaddon = {{GeeksforGeeks}},
	urldate = {2020-09-20}
}

@online{noauthor_accueil_nodate-5,
	title = {Accueil},
	url = {http://obvil.lip6.fr/tgb/},
	keywords = {TEI},
	titleaddon = {{TGB}, {OBVIL} et {BNF}},
	urldate = {2020-09-08}
}

@online{noauthor_mode_nodate,
	title = {Mode texte et {OCR}},
	keywords = {ML},
	url = {https://gallica.bnf.fr/edit/und/consulter-les-documents},
	titleaddon = {{BNF}. Gallica},
	urldate = {2020-09-21}
}

@online{noauthor_html_nodate,
	title = {{HTML} ({HyperText} Markup Langage) : définition, traduction},
	keywords = {numiq},
	url = {https://www.journaldunet.fr/web-tech/dictionnaire-du-webmastering/1203255-html-hypertext-markup-langage-definition-traduction/},
	shorttitle = {{HTML} ({HyperText} Markup Langage)},
	titleaddon = {Journal du Net},
	urldate = {2020-09-21}
}

@online{noauthor_about_nodate-2,
	title = {About {EADH} - The European Association for Digital Humanities},
	keywords = {numerique},
	url = {https://eadh.org/about},
	titleaddon = {{EADH}},
	urldate = {2020-09-23}
}

@online{noauthor_accueil_nodate-6,
	title = {Accueil},
	url = {https://transkribus.eu/Transkribus/},
	titleaddon = {Transkribus},
	keywords = {transkribus},
	urldate = {2020-03-06}
}

@online{noauthor_handwritten_nodate,
	title = {Handwritten Text Recognition Workflow},
	url = {https://transkribus.eu/wiki/index.php/Handwritten_Text_Recognition_Workflow},
	keywords = {transkribus},
	titleaddon = {Transkribus Wiki},
	urldate = {2020-09-23}
}

@online{noauthor_questions_nodate,
	title = {Questions and Answers},
	keywords = {transkribus},
	url = {https://transkribus.eu/wiki/index.php/Questions_and_Answers},
	titleaddon = {Transkribus Wiki},
	urldate = {2020-09-23}
}

@online{noauthor_ml_nodate,
	title = {{ML} {\textbar} Introduction to Data in Machine Learning},
	url = {https://www.geeksforgeeks.org/ml-introduction-data-machine-learning/},
	titleaddon = {{GeeksforGeeks}},
	keywords = {ML},
	urldate = {2020-06-02}
}

@online{noauthor_how_nodate,
	title = {How to transcribe. Train a model},
	url = {https://transkribus.eu/wiki/images/3/34/HowToTranscribe_Train_A_Model.pdf},
	keywords = {transkribus},
	titleaddon = {Transkribus Wiki},
	urldate = {2020-09-23}
}

@online{noauthor_entrainement_nodate,
	title = {Entraînement d’un modèle dans Transkribus},
	keywords = {transkribus},
	url = {https://docplayer.fr/177163907-Entrainement-d-un-modele-dans-transkribus.html},
	urldate = {2020-09-29},
	titleaddon = {Transkribus Wiki},
	urldate = {2020-05-22}
}

@online{schlagdenhauffen_comment_nodate,
	title = {Comment utiliser Transkribus en 10 étapes (voire moins)},
	url = {http://regis-schlagdenhauffen.eu/wp-content/uploads/2018/01/Comment-utiliser-Transkribus-\%E2\%80\%93-en-10-\%C3\%A9tapes-ou-moins.pdf},
	keywords = {transkribus},
	titleaddon = {{EHESS}},
	author = {Schlagdenhauffen, Régis},
	urldate = {2020-05-22}
}

@inreference{noauthor_tag_nodate,
	title = {Tag (métadonnée)},
	url = {https://fr.wikipedia.org/w/index.php?title=Tag_(m\%C3\%A9tadonn\%C3\%A9e)&oldid=169495366},
	booktitle = {Wikipédia},
	keywords = {transkribus},
	urldate = {2020-09-26},
	note = {Page Version {ID}: 169495366}
}

@online{noauthor_how_nodate-1,
	title = {How To enrich transcribed documents with mark-up},
	url = {https://transkribus.eu/wiki/images/e/e8/How_to_enrich_transcribed_documents_with_mark-up.pdf},
	keywords = {transkribus},
	titleaddon = {Transkribus Wiki},
	urldate = {2020-09-26}
}

@online{pierazzo_why_nodate,
	title = {Why Do We Encode ?},
	url = {https://www.youtube.com/watch?v=R0ncI_rr1z4&list=PL77mHK9JuenN9NXeXQbVcUORz7HZk-9Pv&index=2},
	titleaddon = {Youtube},
	author = {Pierazzo, Elena},
	keywords = {TEI},
	urldate = {2020-05-04}
}

@report{dufournaud_manuel_2012,
	title = {Manuel d'encodage {XML}-{TEI} - édition numérique de manuscrits baroques},
	url = {https://hal.archives-ouvertes.fr/hal-00718043},
	author = {Dufournaud, Nicole and Gratsac Legendre, Valérie},
	urldate = {2020-07-28},
	keywords = {TEI},
	date = {2012}
}

@online{tei_consortium_tei_nodate,
	title = {{TEI} P5 : Guidelines for Electronic Text Encoding and Interchange},
	url = {https://zenodo.org/record/3413524},
	shorttitle = {{TEI} P5},
	titleaddon = {Text Encoding Initiative},
	author = {{TEI} Consortium},
	keywords = {TEI},
	urldate = {2020-09-26},
	keywords = {Digital Humanities, Text Encoding, Text Encoding Initiative}
}

@incollection{burnard_tei_2015,
	location = {Marseille},
	title = {La {TEI} et le {XML}},
	url = {http://books.openedition.org/oep/1298},
	booktitle = {Qu’est-ce que la Text Encoding Initiative ?},
	publisher = {{OpenEdition} Press},
	keywords = {TEI},
	author = {Burnard, Lou},
	urldate = {2020-09-26},
	date = {2015},
	keywords = {édition électronique, édition numérique, encodage de textes, humanités numériques, {TEI}, {XML}}
}

@unpublished{burnard_comment_nodate,
	title = {Comment maîtriser le tigre {TEI}},
	keywords = {TEI},
	url = {https://cahier.hypotheses.org/files/2018/08/ODD-diapos.pdf},
	author = {Burnard, Lou},
	urldate = {2020-06-11}
}

@unpublished{camps_odd_2017,
	location = {{ENC}},
	title = {{ODD} Structuration des données et des documents : balisage {XML}. Personnaliser la {TEI} : One Document Does it all},
	keywords = {TEI},
	author = {Camps, Jean-Baptiste},
	urldate = {2020-06-12},
	date = {2017}
}

@unpublished{foucard_manager_2020,
	location = {{ENC}},
	title = {Manager un projet Numérique},
	subtitle = {Module M2 TNAH, ENC},
	keywords = {CDC},
	author = {Foucard, Jean-Louis},
	date = {2020}
}

@inreference{noauthor_facteur_nodate,
	title = {Facteur d'autobus},
	url = {https://fr.wikipedia.org/w/index.php?title=Facteur_d\%27autobus&oldid=174361862},
	keywords = {CDC},
	booktitle = {Wikipédia},
	urldate = {2020-09-28},
	note = {Page Version {ID}: 174361862}
}

@inreference{noauthor_github_nodate,
	title = {{GitHub}},
	keywords = {numiq},
	url = {https://fr.wikipedia.org/w/index.php?title=GitHub&oldid=174838124},
	booktitle = {Wikipédia},
	urldate = {2020-09-28},
	note = {Page Version {ID}: 174838124}
}

@online{noauthor_manifeste_nodate,
	title = {Manifeste des Digital humanities},
	keywords = {numiq},
	url = {https://tcp.hypotheses.org/318},
	titleaddon = {Hypotheses},
	urldate = {2020-09-29}
}

@online{inhaTranskribus,
	title = {Schéma  modèle  Transkribus},
	keywords = {transkribus},
	url = {https://skylab.inha.fr/EditionsEnrichies/Documents/Schema-Modele-Transkribus.pdf},
	titleaddon = {Site  web  de  l’INHA},
	urldate = {2020-06-18}
}

@book{tuffery_data_2012,
	location = {Paris},
	edition = {4e édition},
	title = {Data mining et statistique décisionnelle - 4ème édition},
	pagetotal = {826},
	publisher = {Editions technip},
	author = {Tufféry, Stéphane},
	date = {2012},
	keywords = {ML}
}

@unpublished{poupeau_pen_2019,
	location = {{ENC}},
	title = {Open Data, Big data, Data Mining, Module data ENC M2TNAH},
	author = {Poupeau, Gauthier},
	keywords = {ML},
	date = {2019}
}

@book{chague_constituer_2018,
	location = {mémoire de master « Technologies numériques
appliquées à l’histoire », dir. Vincent Jolivet et Éric de la Clergerie, École nationale des chartes},
	title = {Constituer un corpus pour la fouille de texte - de la transcription des documentsd’archives à l’annotation : exploration d’une méthodologie par l’{ANR} Time Us},
	keywords = {transkribus},
	author = {Chagué, Alix},
	date = {2018}
}

@incollection{savoye_lp_qqdates,
  title = {Fr\'ed\'eric {{Le Play}} en quelques dates},
  booktitle = {Fr\'ed\'eric {{Le Play}} : {{Parcours}}, Audience, H\'eritage},
  author = {Savoye, Antoine},
  editor = {Cardoni, Fabien},
  year = {2013},
  keywords = {LP},
  pages = {279--289},
  publisher = {{Presses des Mines}},
  address = {{Paris}},
  isbn = {978-2-35671-194-6}
}

@article{inventaire, 
    author = {Stéphane Baciocchi, Antoine Savoye},
    title = {La correspondance de Le Play, une source pour l'histoire des sciences sociales},
    journal = {Les Études sociales},
    number = {n°142-144},
    pages =  {231-247},
    year = {2005},
    keywords = {LP},
    url = {https://gallica.bnf.fr/ark:/12148/bpt6k9767323c/f1n284.texteBrut},
    urldate = {2020-05-07}
}

@online{noauthor_sublime_nodate,
	title = {Sublime Text},
	url = {https://www.sublimetext.com/},
	urldate = {2020-05-19},
	keywords = {{LS}}
}

@online{noauthor_github_nodate-1,
	title = {Github},
	url = {https://github.com},
	urldate = {2020-06-03},
	keywords = {{LS}}
}

@online{noauthor_OXMLE,
	title = {Oxygen XML Editor},
	url = {https://www.oxygenxml.com/},
	urldate = {2020-05-19},
	keywords = {{LS}}
}

@online{noauthor_TR,
	title = {Transkribus},
	url = {https://transkribus.eu/Transkribus/},
	urldate = {2020-05-14},
	keywords = {{LS}}
}

@online{noauthor_latex,
	title = {Transkribus},
	url = {https://transkribus.eu/Transkribus/},
	urldate = {2020-05-14},
	keywords = {{LS}}
}

@online{noauthor_sharelatex_nodate,
	title = {{ShareLatex}},
	url = {https://fr.sharelatex.com/},
	urldate = {2020-09-02},
	keywords = {{LS}}
}

@online{noauthor_beautiful_nodate,
	title = {Beautiful Soup 4.4.0 : documentation},
	url = {https://www.crummy.com/software/BeautifulSoup/bs4/doc/},
	urldate = {2020-05-19},
	keywords = {PC}
}

@online{noauthor_lxml_nodate,
	title = {lxml - Processing {XML} and {HTML} with Python},
	url = {https://lxml.de/},
	urldate = {2020-05-19},
	keywords = {PC}}
}

@online{noauthor_regex,
	title = {Regular expression operations},
	url = {https://docs.python.org/3/library/re.html},
	urldate = {2020-05-19},
	keywords = {PC}}
}
